@article{miernik2007influence,
  title={The influence of selected antibiotics on aquatic microorganisms},
  author={Miernik, ANTONI and Rzeczycka, MARZENNA},
  journal={Polish journal of microbiology},
  volume={56},
  number={4},
  pages={265},
  year={2007},
  publisher={POLISH SOCIETY OF MICROBIOLOGIST}
}

@inbook{carley2014ora,
author="Carley, Kathleen M.",
editor="Alhajj, Reda
and Rokne, Jon",
title="ORA: A Toolkit for Dynamic Network Analysis and Visualization",
bookTitle="Encyclopedia of Social Network Analysis and Mining",
year="2014",
publisher="Springer New York",
address="New York, NY",
pages="1219--1228",
isbn="978-1-4614-6170-8",
doi="10.1007/978-1-4614-6170-8_309",
url="https://doi.org/10.1007/978-1-4614-6170-8_309"
}

@article{sosa2020network,
  title={Network measures in animal social network analysis: their strengths, limits, interpretations and uses},
  author={Sosa, Sebastian and Sueur, C{\'e}dric and Puga-Gonzalez, Ivan},
  journal={Methods Ecol. Evol},
  year={2020}
}

@article{daisley2020lactobacillus,
  title={Lactobacillus spp. attenuate antibiotic-induced immune and microbiota dysregulation in honey bees},
  author={Daisley, Brendan A and Pitek, Andrew P and Chmiel, John A and Gibbons, Shaeley and Chernyshova, Anna M and Al, Kait F and Faragalla, Kyrillos M and Burton, Jeremy P and Thompson, Graham J and Reid, Gregor},
  journal={Communications biology},
  volume={3},
  number={1},
  pages={1--13},
  year={2020},
  publisher={Nature Publishing Group}
}

@article{archie2015social,
  title={Social behavior and the microbiome},
  author={Archie, Elizabeth A and Tung, Jenny},
  journal={Current Opinion in Behavioral Sciences},
  volume={6},
  pages={28--34},
  year={2015},
  publisher={Elsevier}
}

@article{vernier2020gut,
  title={The gut microbiome defines social group membership in honey bee colonies},
  author={Vernier, Cassondra L and Chin, Iris M and Adu-Oppong, Boahemaa and Krupp, Joshua J and Levine, Joel and Dantas, Gautam and Ben-Shahar, Yehuda},
  journal={Science advances},
  volume={6},
  number={42},
  pages={eabd3431},
  year={2020},
  publisher={American Association for the Advancement of Science}
}


@article{jones2018gut,
  title={The gut microbiome is associated with behavioural task in honey bees},
  author={Jones, JC and Fruciano, C and Marchant, J and Hildebrand, F and Forslund, S and Bork, P and Engel, P and Hughes, WOH},
  journal={Insectes sociaux},
  volume={65},
  number={3},
  pages={419--429},
  year={2018},
  publisher={Springer}
}

@article{leger2020gut,
  title={The Gut--Brain--Microbiome Axis in Bumble Bees},
  author={Leger, Laura and McFrederick, Quinn S},
  journal={Insects},
  volume={11},
  number={8},
  pages={517},
  year={2020},
  publisher={Multidisciplinary Digital Publishing Institute}
}

@article{crall2015beetag,
  title={BEEtag: a low-cost, image-based tracking system for the study of animal behavior and locomotion},
  author={Crall, James D and Gravish, Nick and Mountcastle, Andrew M and Combes, Stacey A},
  journal={PloS one},
  volume={10},
  number={9},
  pages={e0136487},
  year={2015},
  publisher={Public Library of Science}
}

@article{crall2018neonicotinoid,
  title={Neonicotinoid exposure disrupts bumblebee nest behavior, social networks, and thermoregulation},
  author={Crall, James D and Switzer, Callin M and Oppenheimer, Robert L and Versypt, Ashlee N Ford and Dey, Biswadip and Brown, Andrea and Eyster, Mackay and Gu{\'e}rin, Claire and Pierce, Naomi E and Combes, Stacey A and de Bivort, Benjamin L},
  journal={Science},
  volume={362},
  number={6415},
  pages={683--686},
  year={2018},
  publisher={American Association for the Advancement of Science}
}

@article{engel2013standard,
  title={Standard methods for research on Apis mellifera gut symbionts},
  author={Engel, Philipp and James, Rosalind R and Koga, Ryuichi and Kwong, Waldan K and McFrederick, Quinn S and Moran, Nancy A},
  journal={Journal of Apicultural Research},
  volume={52},
  number={4},
  pages={1--24},
  year={2013},
  publisher={Taylor \& Francis}
}

@article{raymann2017antibiotic,
  title={Antibiotic exposure perturbs the gut microbiota and elevates mortality in honeybees},
  author={Raymann, Kasie and Shaffer, Zack and Moran, Nancy A},
  journal={PLoS biology},
  volume={15},
  number={3},
  pages={e2001861},
  year={2017},
  publisher={Public Library of Science San Francisco, CA USA}
}

@article{li2017new,
  title={New evidence showing that the destruction of gut bacteria by antibiotic treatment could increase the honey beeâ€™s vulnerability to Nosema infection},
  author={Li, Jiang Hong and Evans, Jay D and Li, Wen Feng and Zhao, Ya Zhou and DeGrandi-Hoffman, Gloria and Huang, Shao Kang and Li, Zhi Guo and Hamilton, Michele and Chen, Yan Ping},
  journal={PloS one},
  volume={12},
  number={11},
  pages={e0187505},
  year={2017},
  publisher={Public Library of Science San Francisco, CA USA}
}

@article{valletta2017applications,
  title={Applications of machine learning in animal behaviour studies},
  author={Valletta, John Joseph and Torney, Colin and Kings, Michael and Thornton, Alex and Madden, Joah},
  journal={Animal Behaviour},
  volume={124},
  pages={203--220},
  year={2017},
  publisher={Elsevier}
}

@article{ptaszynska2016commercial,
  title={Are commercial probiotics and prebiotics effective in the treatment and prevention of honeybee nosemosis C?},
  author={Ptaszy{\'n}ska, Aneta A and Borsuk, Grzegorz and Zdybicka-Barabas, Agnieszka and Cytry{\'n}ska, Ma{\l}gorzata and Ma{\l}ek, Wanda},
  journal={Parasitology research},
  volume={115},
  number={1},
  pages={397--406},
  year={2016},
  publisher={Springer}
}

@article{boenisch2018tracking,
  title={Tracking all members of a honey bee colony over their lifetime using learned models of correspondence},
  author={Boenisch, Franziska and Rosemann, Benjamin and Wild, Benjamin and Dormagen, David and Wario, Fernando and Landgraf, Tim},
  journal={Frontiers in Robotics and AI},
  volume={5},
  pages={35},
  year={2018},
  publisher={Frontiers}
}

@article{blut2017automated,
  title={Automated computer-based detection of encounter behaviours in groups of honeybees},
  author={Blut, Christina and Crespi, Alessandro and Mersch, Danielle and Keller, Laurent and Zhao, Linlin and Kollmann, Markus and Schellscheidt, Benjamin and F{\"u}lber, Carsten and Beye, Martin},
  journal={Scientific reports},
  volume={7},
  number={1},
  pages={1--9},
  year={2017},
  publisher={Nature Publishing Group}
}

@article{pinter2014dynamics,
  title={The dynamics of animal social networks: analytical, conceptual, and theoretical advances},
  author={Pinter-Wollman, Noa and Hobson, Elizabeth A and Smith, Jennifer E and Edelman, Andrew J and Shizuka, Daizaburo and De Silva, Shermin and Waters, James S and Prager, Steven D and Sasaki, Takao and Wittemyer, George and others},
  journal={Behavioral Ecology},
  volume={25},
  number={2},
  pages={242--255},
  year={2014},
  publisher={Oxford University Press UK}
}